<?xml version="1.0" encoding="UTF-8"?>
  <record xmlns="http://www.loc.gov/MARC21/slim" type="Authority">
    <leader>00000nz  a2200000nc 4500</leader>
    <controlfield tag="001">104193336</controlfield>
    <controlfield tag="003">DE-101</controlfield>
    <controlfield tag="005">20211116102041.0</controlfield>
    <controlfield tag="008">960422n||aznnnaabn           | aaa    |c</controlfield>
    <datafield tag="024" ind1="7" ind2=" ">
      <subfield code="a">104193336</subfield>
      <subfield code="0">http://d-nb.info/gnd/104193336</subfield>
      <subfield code="2">gnd</subfield>
    </datafield>
    <datafield tag="035" ind1=" " ind2=" ">
      <subfield code="a">(DE-101)104193336</subfield>
    </datafield>
    <datafield tag="035" ind1=" " ind2=" ">
      <subfield code="a">(DE-588)104193336</subfield>
    </datafield>
    <datafield tag="035" ind1=" " ind2=" ">
      <subfield code="z">(DE-588a)104193336</subfield>
      <subfield code="9">v:zg</subfield>
    </datafield>
    <datafield tag="040" ind1=" " ind2=" ">
      <subfield code="a">DE-12</subfield>
      <subfield code="c">DE-12</subfield>
      <subfield code="9">r:DE-12</subfield>
      <subfield code="b">ger</subfield>
      <subfield code="d">2214</subfield>
    </datafield>
    <datafield tag="042" ind1=" " ind2=" ">
      <subfield code="a">gnd1</subfield>
    </datafield>
    <datafield tag="043" ind1=" " ind2=" ">
      <subfield code="c">XA-DE</subfield>
    </datafield>
    <datafield tag="075" ind1=" " ind2=" ">
      <subfield code="b">p</subfield>
      <subfield code="2">gndgen</subfield>
    </datafield>
    <datafield tag="075" ind1=" " ind2=" ">
      <subfield code="b">piz</subfield>
      <subfield code="2">gndspec</subfield>
    </datafield>
    <datafield tag="079" ind1=" " ind2=" ">
      <subfield code="a">g</subfield>
      <subfield code="q">a</subfield>
      <subfield code="q">f</subfield>
      <subfield code="u">v</subfield>
      <subfield code="u">o</subfield>
    </datafield>
    <datafield tag="100" ind1="0" ind2=" ">
      <subfield code="a">Friedrich</subfield>
      <subfield code="b">IV.</subfield>
      <subfield code="c">Schleswig-Holstein-Gottorf, Herzog</subfield>
      <subfield code="d">1671-1702</subfield>
    </datafield>
    <datafield tag="400" ind1="0" ind2=" ">
      <subfield code="a">Friedrich</subfield>
      <subfield code="b">IV.</subfield>
      <subfield code="c">Holstein-Gottorf, Herzog</subfield>
      <subfield code="d">1671-1702</subfield>
    </datafield>
    <datafield tag="400" ind1="0" ind2=" ">
      <subfield code="a">Friedrich</subfield>
      <subfield code="b">IV.</subfield>
      <subfield code="c">Holstein-Gottorp, Herzog</subfield>
      <subfield code="d">1671-1702</subfield>
    </datafield>
    <datafield tag="400" ind1="0" ind2=" ">
      <subfield code="a">Friedrich</subfield>
      <subfield code="b">IV.</subfield>
      <subfield code="c">Schleswig-Holstein, Herzog</subfield>
      <subfield code="d">1671-1702</subfield>
    </datafield>
    <datafield tag="400" ind1="0" ind2=" ">
      <subfield code="a">Friederich</subfield>
      <subfield code="b">IV.</subfield>
      <subfield code="c">Schleswig-Holstein, Herzog</subfield>
      <subfield code="d">1671-1702</subfield>
    </datafield>
    <datafield tag="400" ind1="0" ind2=" ">
      <subfield code="a">Friedrich</subfield>
      <subfield code="b">IV.</subfield>
      <subfield code="c">Schleswig-Holstein-Gottorp, Herzog</subfield>
      <subfield code="d">1671-1702</subfield>
    </datafield>
    <datafield tag="400" ind1="0" ind2=" ">
      <subfield code="a">Friedrich</subfield>
      <subfield code="b">IV.</subfield>
      <subfield code="c">Slesvicum-Holsatia, Dux</subfield>
      <subfield code="d">1671-1702</subfield>
    </datafield>
    <datafield tag="400" ind1="0" ind2=" ">
      <subfield code="a">Friederich</subfield>
      <subfield code="c">Norwegen, Erbe</subfield>
      <subfield code="d">1671-1702</subfield>
    </datafield>
    <datafield tag="400" ind1="0" ind2=" ">
      <subfield code="a">Frederic</subfield>
      <subfield code="b">IV.</subfield>
      <subfield code="c">Sleswic-Holstein-Gottorp, Duc</subfield>
      <subfield code="d">1671-1702</subfield>
    </datafield>
    <datafield tag="400" ind1="0" ind2=" ">
      <subfield code="a">Friedrich</subfield>
      <subfield code="c">Norwegen, Erbe</subfield>
      <subfield code="d">1671-1702</subfield>
    </datafield>
    <datafield tag="400" ind1="0" ind2=" ">
      <subfield code="a">Friderich</subfield>
      <subfield code="b">IV.</subfield>
      <subfield code="c">Norwegen, Erbe</subfield>
      <subfield code="d">1671-1702</subfield>
    </datafield>
    <datafield tag="400" ind1="0" ind2=" ">
      <subfield code="a">Friedrich</subfield>
      <subfield code="b">IV.</subfield>
      <subfield code="c">Norwegen, Erbe</subfield>
      <subfield code="d">1671-1702</subfield>
    </datafield>
    <datafield tag="400" ind1="0" ind2=" ">
      <subfield code="a">Fridericus</subfield>
      <subfield code="c">Norwegia, Heredes</subfield>
      <subfield code="d">1671-1702</subfield>
    </datafield>
    <datafield tag="400" ind1="0" ind2=" ">
      <subfield code="a">Fridericus</subfield>
      <subfield code="c">Slesvicum Holsatia, Dux</subfield>
      <subfield code="d">1671-1702</subfield>
    </datafield>
    <datafield tag="400" ind1="0" ind2=" ">
      <subfield code="a">Friedrich</subfield>
      <subfield code="c">Schleßwig-Holstein, Hertzog</subfield>
      <subfield code="d">1671-1702</subfield>
    </datafield>
    <datafield tag="500" ind1="0" ind2=" ">
      <subfield code="0">(DE-101)102125880</subfield>
      <subfield code="0">(DE-588)102125880</subfield>
      <subfield code="0">https://d-nb.info/gnd/102125880</subfield>
      <subfield code="a">Christian Albrecht</subfield>
      <subfield code="c">Schleswig-Holstein-Gottorf, Herzog</subfield>
      <subfield code="d">1641-1694</subfield>
      <subfield code="4">bezf</subfield>
      <subfield code="4">https://d-nb.info/standards/elementset/gnd#familialRelationship</subfield>
      <subfield code="w">r</subfield>
      <subfield code="i">Beziehung familiaer</subfield>
      <subfield code="e">Beziehung familiaer</subfield>
      <subfield code="9">v:Vater</subfield>
    </datafield>
    <datafield tag="500" ind1="0" ind2=" ">
      <subfield code="0">(DE-101)104193360</subfield>
      <subfield code="0">(DE-588)104193360</subfield>
      <subfield code="0">https://d-nb.info/gnd/104193360</subfield>
      <subfield code="a">Karl Friedrich</subfield>
      <subfield code="c">Schleswig-Holstein-Gottorf, Herzog</subfield>
      <subfield code="d">1700-1739</subfield>
      <subfield code="4">bezf</subfield>
      <subfield code="4">https://d-nb.info/standards/elementset/gnd#familialRelationship</subfield>
      <subfield code="w">r</subfield>
      <subfield code="i">Beziehung familiaer</subfield>
      <subfield code="e">Beziehung familiaer</subfield>
      <subfield code="9">v:Sohn</subfield>
    </datafield>
    <datafield tag="548" ind1=" " ind2=" ">
      <subfield code="a">1671-1702</subfield>
      <subfield code="4">datl</subfield>
      <subfield code="4">https://d-nb.info/standards/elementset/gnd#dateOfBirthAndDeath</subfield>
      <subfield code="w">r</subfield>
      <subfield code="i">Lebensdaten</subfield>
    </datafield>
    <datafield tag="548" ind1=" " ind2=" ">
      <subfield code="a">18.10.1671-19.07.1702</subfield>
      <subfield code="4">datx</subfield>
      <subfield code="4">https://d-nb.info/standards/elementset/gnd#dateOfBirthAndDeath</subfield>
      <subfield code="w">r</subfield>
      <subfield code="i">Exakte Lebensdaten</subfield>
    </datafield>
    <datafield tag="551" ind1=" " ind2=" ">
      <subfield code="0">(DE-101)04106691X</subfield>
      <subfield code="0">(DE-588)4106691-1</subfield>
      <subfield code="0">https://d-nb.info/gnd/4106691-1</subfield>
      <subfield code="a">Schloss Gottorf</subfield>
      <subfield code="g">Schleswig, Stadt</subfield>
      <subfield code="4">ortg</subfield>
      <subfield code="4">https://d-nb.info/standards/elementset/gnd#placeOfBirth</subfield>
      <subfield code="w">r</subfield>
      <subfield code="i">Geburtsort</subfield>
    </datafield>
    <datafield tag="667" ind1=" " ind2=" ">
      <subfield code="a">7</subfield>
    </datafield>
    <datafield tag="667" ind1=" " ind2=" ">
      <subfield code="a">384</subfield>
    </datafield>
    <datafield tag="667" ind1=" " ind2=" ">
      <subfield code="a">VD-17</subfield>
    </datafield>
    <datafield tag="667" ind1=" " ind2=" ">
      <subfield code="a">3</subfield>
    </datafield>
    <datafield tag="667" ind1=" " ind2=" ">
      <subfield code="a">VD-18</subfield>
    </datafield>
    <datafield tag="670" ind1=" " ind2=" ">
      <subfield code="a">Europ. Stammtaf. 95</subfield>
    </datafield>
    <datafield tag="670" ind1=" " ind2=" ">
      <subfield code="a">NDB/ADB</subfield>
      <subfield code="u">https://www.deutsche-biographie.de/gnd104193336.html#ndbcontent</subfield>
    </datafield>
    <datafield tag="670" ind1=" " ind2=" ">
      <subfield code="a">Wikipedia</subfield>
      <subfield code="u">https://de.wikipedia.org/wiki/Friedrich_IV._(Schleswig-Holstein-Gottorf)</subfield>
    </datafield>
    <datafield tag="678" ind1=" " ind2=" ">
      <subfield code="b">regierte ab 1695; heirate 1698 Hedwig Sophia, die älteste Tochter von König Karl XI. von Schweden; gefallen in der Schlacht bei Klissow</subfield>
    </datafield>
    <datafield tag="913" ind1=" " ind2=" ">
      <subfield code="S">pnd</subfield>
      <subfield code="i">5</subfield>
      <subfield code="a">Friedrich &lt;Schleswig-Holstein-Gottorf, Herzog, IV.&gt;</subfield>
      <subfield code="0">(DE-588a)104193336</subfield>
    </datafield>
  </record>
